@inproceedings{Shawar-2007-different-measurements-metrics-to-evaluate-a-chatbot-system,
 author = {Shawar, Bayan Abu and Atwell, Eric},
 title = {Different Measurements Metrics to Evaluate a Chatbot System},
 booktitle = {Proceedings of the Workshop on Bridging the Gap: Academic and Industrial Research in Dialog Technologies},
 series = {NAACL-HLT-Dialog '07},
 year = {2007},
 location = {Rochester, New York},
 pages = {89--96},
 numpages = {8},
 url = {http://dl.acm.org/citation.cfm?id=1556328.1556341},
 acmid = {1556341},
 publisher = {Association for Computational Linguistics},
 address = {Stroudsburg, PA, USA},
}

@inproceedings{McIntire-2010-methods-for-chatbot-detection-in-distributed-text-based-communications,
  title={Methods for chatbot detection in distributed text-based communications},
  author={McIntire, John P and McIntire, Lindsey K and Havig, Paul R},
  booktitle={Collaborative Technologies and Systems (CTS), 2010 International Symposium on},
  pages={463--472},
  year={2010},
  organization={IEEE}
}