@online{ABI-2017,
  author = {{Anita Borg Institute}},
  title = {Grace Hopper Celebration of Women in Computing},
  url = {http://ghc.anitaborg.org/},
  year = {2017},
  urldate = {2017-01-08},
}



@online{Agarwal-2013,
  author = {Pooja K. Agarwal and Henry L. Roediger, III and Mark A. McDaniel and Kathleen B. McDermott},
  title = {How to Use Retrieval Practice to Improve Learning},
  url = {http://pdf.retrievalpractice.org/RetrievalPracticeGuide.pdf},
  year = {2013},
  urldate = {2017-06-15},
}




@inproceedings{Allan-2010,
  author = {Allan, Vicki and Barr, Valerie and Brylow, Dennis and Hambrusch, Susanne},
  title = {Computational Thinking in High School Courses},
  booktitle = {Proceedings of the 41st ACM Technical Symposium on Computer Science Education},
  pages = {390--391},
  publisher = {ACM},
  address = {New York, NY},
  series = {SIGCSE '10},
  url = {http://doi.acm.org/10.1145/1734263.1734395},
  year = 2010,
  abstract = {this is just a test
	a useless test
	a testtsts
	hahahaha
	igiiggigi},
}


